<record><leader>00000cas a2200000 a 4500</leader><controlfield tag="001">39064491</controlfield><controlfield tag="008">980505d18uu1uuumiuwr n       0    0eng c</controlfield><datafield ind1=" " ind2=" " tag="010"><subfield code="a">sn 98066280 </subfield></datafield><datafield ind1=" " ind2=" " tag="040"><subfield code="a">MHN</subfield><subfield code="b">eng</subfield><subfield code="c">MHN</subfield><subfield code="d">OCL</subfield><subfield code="d">OCLCQ</subfield><subfield code="d">OCLCF</subfield><subfield code="d">OCLCO</subfield></datafield><datafield ind1=" " ind2=" " tag="042"><subfield code="a">pcc</subfield></datafield><datafield ind1=" " ind2=" " tag="043"><subfield code="a">n-us-mi</subfield></datafield><datafield ind1="0" ind2=" " tag="130"><subfield code="a">Illustrated graphic news (Detroit, Mich.)</subfield></datafield><datafield ind1="1" ind2="0" tag="245"><subfield code="a">Illustrated graphic news.</subfield></datafield><datafield ind1="1" ind2="3" tag="246"><subfield code="a">Graphic news</subfield></datafield><datafield ind1=" " ind2=" " tag="260"><subfield code="a">Detroit [Mich.] :</subfield><subfield code="b">Graphic Press</subfield></datafield><datafield ind1=" " ind2=" " tag="300"><subfield code="a">v.</subfield></datafield><datafield ind1=" " ind2=" " tag="310"><subfield code="a">Weekly</subfield></datafield><datafield ind1=" " ind2=" " tag="588"><subfield code="a">Description based on: Vol. 1, no. 2 (July 10, 1886).</subfield></datafield><datafield ind1=" " ind2="0" tag="651"><subfield code="a">Detroit (Mich.)</subfield><subfield code="v">Newspapers.</subfield></datafield><datafield ind1=" " ind2="0" tag="651"><subfield code="a">Wayne County (Mich.)</subfield><subfield code="v">Newspapers.</subfield></datafield><datafield ind1=" " ind2="7" tag="655"><subfield code="a">Newspapers.</subfield><subfield code="2">fast</subfield><subfield code="0">(OCoLC)fst01423814</subfield></datafield><datafield ind1=" " ind2="7" tag="651"><subfield code="a">Michigan</subfield><subfield code="z">Detroit.</subfield><subfield code="2">fast</subfield><subfield code="0">(OCoLC)fst01205010</subfield></datafield><datafield ind1=" " ind2="7" tag="651"><subfield code="a">Michigan</subfield><subfield code="z">Wayne County.</subfield><subfield code="2">fast</subfield><subfield code="0">(OCoLC)fst01206628</subfield></datafield><datafield ind1=" " ind2=" " tag="752"><subfield code="a">United States</subfield><subfield code="b">Michigan</subfield><subfield code="c">Wayne</subfield><subfield code="d">Detroit.</subfield></datafield></record>